@misc{viercycle,
	author = {},
	title = {VierCycle -- VierCycle},
	howpublished = {\url{https://viercycle.com/viercycle/}},
	year = {},
	note = {[Accessed 08-07-2024]},
}
